@misc{learnopencv_2021,
  author       = {LearnOpenCV},
  title        = {Edge Detection Using OpenCV},
  howpublished = {\url{https://learnopencv.com/edge-detection-using-opencv/#sobel-edge}},
  year         = {2021},
  month        = {Jun},
  note         = {Accesado el 24/09/2022}
}
â€Œ
@misc{opencv_2022,
  author       = {OpenCV},
  title        = {Eroding and Dilating},
  howpublished = {\url{https://docs.opencv.org/3.4/db/df6/tutorial_erosion_dilatation.html}},
  year         = {2022},
  month        = {Sep},
  note         = {Accesado el 24/09/2022}
}

@article{anindya_2021,
  author       = {Anindya},
  journal      = {ThinkInfi},
  title        = {Capturing mouse click events with Python and OpenCV - ThinkInfi},
  howpublished = {\url{https://thinkinfi.com/detect-mouse-click-events-with-python-opencv/}},
  year         = {2021},
  month        = {May},
  note         = {Accesado el 26/09/2022}
}
