@article{betterexplained_2022,
  title   = {An Interactive Guide To The Fourier Transform},
  author  = {Anónimo},
  journal = {\href{https://betterexplained.com/articles/an-interactive-guide-to-the-fourier-transform/}{Betterexplained}},
  year    = {2022},
  note    = {Accesado el 20/09/22}
}

‌@article{thilinashashimalsenarath_2020,
  title     = {Fourier Transform ( Computer Vision) - Thilina Shashimal Senarath - Medium},
  url       = {https://medium.com/@shashimalsenarath.17/fourier-transform-computer-vision-283b997ad289},
  journal   = {Medium},
  publisher = {Medium},
  author    = {Thilina Shashimal Senarath},
  year      = {2020},
  month     = {Jun}
}
