@article{https://doi.org/10.48550/arxiv.1405.0312,
  doi       = {10.48550/ARXIV.1405.0312},
  url       = {https://arxiv.org/abs/1405.0312},
  author    = {Lin, Tsung-Yi and Maire, Michael and Belongie, Serge and Bourdev, Lubomir and Girshick, Ross and Hays, James and Perona, Pietro and Ramanan, Deva and Zitnick, C. Lawrence and Dollár, Piotr},
  keywords  = {Computer Vision and Pattern Recognition (cs.CV), FOS: Computer and information sciences, FOS: Computer and information sciences},
  title     = {Microsoft COCO: Common Objects in Contexts},
  journal   = {arXiv},
  year      = {2014},
  copyright = {arXiv.org perpetual, non-exclusive license}
}

@misc{opencv_2022,
  howpublished = {\url{https://opencv.org/}},
  author       = {OpenCV},
  year         = {2022},
  month        = {Nov}
}

@misc{opencvsdnnmodule_2021,
  howpublished = {\url{https://learnopencv.com/deep-learning-with-opencvs-dnn-module-a-definitive-guide/}},
  author       = {LearnOpenCV},
  title        = {Deep Learning with OpenCV DNN Module: A Definitive Guide},
  year         = {2021},
  month        = {Apr}
}

‌
‌