@misc{patel_2021,
  author       = {patel},
  title        = {Types of Geometric Transformations},
  howpublished = {\url{https://www.youtube.com/watch?v=6A03nRaUCBM&list=PLynZOB5PIYiH0IyfDw33sz43LsDgY45JN&index=9}},
  year         = {2021},
  month        = {Jun},
  note         = {Accesado el 11/09/22}
}

@misc{cie1931colorspace,
  author       = {Wikiwand},
  title        = {CIE 1931 color space},
  howpublished = {\url{https://www.wikiwand.com/en/CIE_1931_color_space}},
  year         = {2013},
  note         = {Accesado el 11/09/22}
}

‌@misc{simone_2021,
  author       = {Simone},
  title        = {RGB histogram of ESP32-CAM images},
  howpublished = {\url{https://eloquentarduino.github.io/2021/09/rgb-histogram-of-esp32-cam-images/}},
  year         = {2021},
  month        = {Sep},
  note         = {Accesado el 11/09/22}
}

‌
‌