@misc{bilateralfiltering,
  title        = {Bilateral Filtering},
  howpublished = {\url{https://staff.fnwi.uva.nl/r.vandenboomgaard/IPCV20172018/LectureNotes/IP/LocalOperators/bilateralfilter.html}},
  year         = {2017},
  note         = {Accesado el 18/09/22}
}

@misc{wikipediacontributors_2022_boxblur,
  title        = {Box blur},
  author       = {Wikipedia Contributors},
  howpublished = {\url{https://en.wikipedia.org/wiki/Box_blur}},
  year         = {2022},
  month        = {Jul},
  note         = {Accesado el 18/09/22}
}

@misc{opencv:imagefiltering_2022,
  howpublished = {\url{https://docs.opencv.org/4.x/d4/d86/group__imgproc__filter.html#ga9d7064d478c95d60003cf839430737ed}},
  year         = {2022},
  note         = {Accesado el 18/09/22}
}

@misc{morphologicaltransformations—opencv-pythontutorialsbetadocumentation_2016,
  howpublished = {\url{https://opencv24-python-tutorials.readthedocs.io/en/latest/py_tutorials/py_imgproc/py_morphological_ops/py_morphological_ops.html}},
  year         = {2016},
  note         = {Accesado el 19/09/22}
}

@misc{wikipediacontributors_2022_gaussian,
  title        = {Gaussian filter},
  author       = {Wikipedia Contributors},
  howpublished = {\url{https://en.wikipedia.org/wiki/Gaussian_filter}},
  year         = {2022},
  month        = {Jun},
  note         = {Accesado el 19/09/22}
}

@misc{wikipediacontributors_2022sobel,
  title        = {Sobel operator},
  author       = {Wikipedia Contributors},
  howpublished = {\url{https://en.wikipedia.org/wiki/Sobel_operator}},
  year         = {2022},
  month        = {Sep},
  note         = {Accesado el 19/09/22}
}
‌